<?xml version="1.0" encoding="UTF-8" ?><marc:collection xmlns:marc="http://www.loc.gov/MARC21/slim" xmlns:xsi="http://www.w3.org/2001/XMLSchema-instance" xsi:schemaLocation="http://www.loc.gov/MARC21/slim http://www.loc.gov/standards/marcxml/schema/MARC21slim.xsd">
<marc:record><marc:leader>02398cam a2200409Ii 4500</marc:leader>
<marc:controlfield tag="001">b12248630</marc:controlfield>
<marc:controlfield tag="003">UaCaAUL</marc:controlfield><marc:controlfield tag="005">20190612110953.0</marc:controlfield><marc:controlfield tag="008">900518s1948    ua       b    001 0 arard</marc:controlfield><marc:datafield tag="016" ind1="7" ind2=" "><marc:subfield code="a">013160879</marc:subfield><marc:subfield code="2">Uk</marc:subfield></marc:datafield><marc:datafield tag="035" ind1=" " ind2=" "><marc:subfield code="a">(OCoLC)21555849</marc:subfield></marc:datafield><marc:datafield tag="040" ind1=" " ind2=" "><marc:subfield code="a">AUM</marc:subfield><marc:subfield code="b">eng</marc:subfield><marc:subfield code="e">rda</marc:subfield><marc:subfield code="c">AUM</marc:subfield><marc:subfield code="d">OCLCG</marc:subfield><marc:subfield code="d">A7U</marc:subfield><marc:subfield code="d">OCLCQ</marc:subfield><marc:subfield code="d">OCLCF</marc:subfield><marc:subfield code="d">OCLCQ</marc:subfield><marc:subfield code="d">OCLCO</marc:subfield><marc:subfield code="d">OCLCA</marc:subfield><marc:subfield code="d">UKMGB</marc:subfield><marc:subfield code="d">OCLCQ</marc:subfield><marc:subfield code="d">MEAUC</marc:subfield></marc:datafield><marc:datafield tag="050" ind1=" " ind2="4"><marc:subfield code="a">PJ7631</marc:subfield><marc:subfield code="b">.T48 1948</marc:subfield></marc:datafield><marc:datafield tag="066" ind1=" " ind2=" "><marc:subfield code="c">(3</marc:subfield></marc:datafield><marc:datafield tag="090" ind1=" " ind2=" "><marc:subfield code="a">PJ7631</marc:subfield><marc:subfield code="b">.T48 1948</marc:subfield></marc:datafield><marc:datafield tag="100" ind1="1" ind2=" "><marc:subfield code="6">880-01</marc:subfield><marc:subfield code="a">Thaʻlab, Aḥmad ibn Yaḥyá,</marc:subfield><marc:subfield code="d">815-904,</marc:subfield><marc:subfield code="e">author.</marc:subfield></marc:datafield><marc:datafield tag="245" ind1="1" ind2="0"><marc:subfield code="6">880-02</marc:subfield><marc:subfield code="a">Qawāʻid al-shiʻr /</marc:subfield><marc:subfield code="c">taʼlīf Abī al-ʻAbbās Aḥmad ibn Yaḥyá Thaʻlab, imām al-Lughah wa-al-Naḥw wa-al-ʻArabīyah al-mutawaffá ʻām 291 H ; sharaḥahu wa-ʻallaqa ʻalayhi Muḥammad ʻAbd al-Munʻim Khafājī, al-ʻĀlamīyah min darajat ustādh wa-al-ustādh bi-al-Azʹhar al-Sharīf.</marc:subfield></marc:datafield><marc:datafield tag="250" ind1=" " ind2=" "><marc:subfield code="6">880-03</marc:subfield><marc:subfield code="a">al-Ṭabʻah al-ūlá.</marc:subfield></marc:datafield><marc:datafield tag="260" ind1=" " ind2=" "><marc:subfield code="6">880-04</marc:subfield><marc:subfield code="a">Miṣr :</marc:subfield><marc:subfield code="b">Sharikat Maktabat wa-Maṭbaʻat Muṣṭafá al-Bābī al-Ḥalabī wa-Awlādihi bi-Miṣr,</marc:subfield><marc:subfield code="c">1367 H, 1948.</marc:subfield></marc:datafield><marc:datafield tag="300" ind1=" " ind2=" "><marc:subfield code="a">88 pages ;</marc:subfield><marc:subfield code="c">19 cm.</marc:subfield></marc:datafield><marc:datafield tag="336" ind1=" " ind2=" "><marc:subfield code="a">text</marc:subfield><marc:subfield code="b">txt</marc:subfield><marc:subfield code="2">rdacontent.</marc:subfield></marc:datafield><marc:datafield tag="337" ind1=" " ind2=" "><marc:subfield code="a">unmediated</marc:subfield><marc:subfield code="b">n</marc:subfield><marc:subfield code="2">rdamedia.</marc:subfield></marc:datafield><marc:datafield tag="338" ind1=" " ind2=" "><marc:subfield code="a">volume</marc:subfield><marc:subfield code="b">nc</marc:subfield><marc:subfield code="2">rdacarrier.</marc:subfield></marc:datafield><marc:datafield tag="500" ind1=" " ind2=" "><marc:subfield code="6">880-05</marc:subfield><marc:subfield code="a">&quot;Jamīʻ al-ḥuqūq maḥfūẓah lil-nāshir&quot;.</marc:subfield></marc:datafield><marc:datafield tag="504" ind1=" " ind2=" "><marc:subfield code="a">Includes bibliographical references and indexes.</marc:subfield></marc:datafield><marc:datafield tag="650" ind1=" " ind2="0"><marc:subfield code="a">Arabic poetry</marc:subfield><marc:subfield code="x">History and criticism.</marc:subfield></marc:datafield><marc:datafield tag="700" ind1="1" ind2=" "><marc:subfield code="6">880-06</marc:subfield><marc:subfield code="a">Khafājī, Muḥammad ʻAbd al-Munʻim,</marc:subfield><marc:subfield code="e">editor.</marc:subfield></marc:datafield><marc:datafield tag="880" ind1="1" ind2="0"><marc:subfield code="6">245-02/(3/r</marc:subfield><marc:subfield code="a">قواعد الشعر /‪</marc:subfield><marc:subfield code="c">تأليف أبي العباس أحمد بن يحيى ثعلب، إمام اللغة والنحو والعربية المتوفى عام 291 هـ ؛ شرحه وعلق عليه محمد عبد المنعم خفاجي، العالمية من درجة أستاذ والأستاذ بالأزهر الشريف..</marc:subfield></marc:datafield><marc:datafield tag="880" ind1="1" ind2=" "><marc:subfield code="6">100-01/(3/r</marc:subfield><marc:subfield code="a">ثعلب، أحمد بن يحيى،،‪</marc:subfield><marc:subfield code="d">904-815.</marc:subfield></marc:datafield><marc:datafield tag="880" ind1=" " ind2=" "><marc:subfield code="6">250-03/(3/r</marc:subfield><marc:subfield code="a">الطبعة الأولى..</marc:subfield></marc:datafield><marc:datafield tag="880" ind1=" " ind2=" "><marc:subfield code="6">260-04/(3/r</marc:subfield><marc:subfield code="a">مصر :‪</marc:subfield><marc:subfield code="b">شركة مكتبة ومطبعة مصطفى البابي الحلبي ووألاده بمصر،‪</marc:subfield><marc:subfield code="c">1367 هـ، 1948 م..</marc:subfield></marc:datafield><marc:datafield tag="880" ind1=" " ind2=" "><marc:subfield code="6">500-05/(3/r</marc:subfield><marc:subfield code="a">&quot;جميع الحقوق محفوظة للناشر&quot;..</marc:subfield></marc:datafield><marc:datafield tag="880" ind1="1" ind2=" "><marc:subfield code="6">700-06/(3/r</marc:subfield><marc:subfield code="a">خفاجي، محمد عبدالمنعم..</marc:subfield></marc:datafield><marc:datafield tag="907" ind1=" " ind2=" "><marc:subfield code="a">.b12248630</marc:subfield><marc:subfield code="b">main </marc:subfield></marc:datafield><marc:datafield tag="902" ind1=" " ind2=" "><marc:subfield code="a">190902</marc:subfield></marc:datafield><marc:datafield tag="998" ind1=" " ind2=" "><marc:subfield code="b">1</marc:subfield><marc:subfield code="c">000521</marc:subfield><marc:subfield code="d">m</marc:subfield><marc:subfield code="e">~</marc:subfield><marc:subfield code="f">-</marc:subfield><marc:subfield code="g">0</marc:subfield><marc:subfield code="k">MAH</marc:subfield></marc:datafield><marc:datafield tag="945" ind1=" " ind2=" "><marc:subfield code="l">main </marc:subfield></marc:datafield></marc:record>
</marc:collection>
